@book{bolton2001ingenieria,
  title={Ingenier{\'\i}a de control},
  author={Bolton, William and Ram{\'\i}rez, Francisco Jos{\'e} Rodr{\'\i}guez},
  year={2001},
  publisher={Marcombo}
}


